<?xml version="1.0" encoding="UTF-8"?><collection xmlns="http://www.loc.gov/MARC21/slim"><record><leader>00456nam--2200193-i-4500</leader><controlfield tag="001">000049571</controlfield><controlfield tag="002">20161230</controlfield><controlfield tag="005">20161230201047</controlfield><controlfield tag="008">060222s1000------------r-----000-0-rus-d</controlfield><datafield ind1=" " ind2=" " tag="040"><subfield code="a">IFIN-HH</subfield></datafield><datafield ind1=" " ind2=" " tag="041"><subfield code="a">rus</subfield></datafield><datafield ind1=" " ind2=" " tag="080"><subfield code="a">536.483</subfield></datafield><datafield ind1="1" ind2=" " tag="100"><subfield code="a">Asinovskii, E.I</subfield></datafield><datafield ind1="1" ind2="0" tag="245"><subfield code="a">Kriogennye razriady</subfield><subfield code="c">E.i. asinovskii,</subfield></datafield><datafield ind1=" " ind2=" " tag="260"><subfield code="a">Moskva, Nauka, 1988,</subfield></datafield><datafield ind1=" " ind2=" " tag="300"><subfield code="a">59S</subfield></datafield><datafield ind1="1" ind2=" " tag="700"><subfield code="a">Rakovec, A.A</subfield></datafield><datafield ind1=" " ind2=" " tag="852"><subfield code="a">74866</subfield><subfield code="c">533.9</subfield></datafield><datafield ind1=" " ind2=" " tag="CAT"><subfield code="a">Sys</subfield><subfield code="c">20101001</subfield><subfield code="h">185508</subfield></datafield></record></collection>